<?xml version="1.0" encoding="UTF-8"?><collection xmlns="http://www.loc.gov/MARC21/slim"><record><leader>00671nam--2200181-i-4500</leader><controlfield tag="001">000008925</controlfield><controlfield tag="002">20161230</controlfield><controlfield tag="005">20161230201028</controlfield><controlfield tag="008">060222s1000------------r-----000-0-rum-d</controlfield><datafield ind1=" " ind2=" " tag="040"><subfield code="a">IFIN-HH</subfield></datafield><datafield ind1=" " ind2=" " tag="041"><subfield code="a">rum</subfield></datafield><datafield ind1=" " ind2=" " tag="080"><subfield code="a">621.039(061.3):539.1(061.3):53(061.3)</subfield></datafield><datafield ind1="1" ind2=" " tag="110"><subfield code="a">Comitetul de Stat pentru Energia Nucleara</subfield></datafield><datafield ind1="1" ind2="0" tag="245"><subfield code="a">Sesiunea de comunicari stiintifice organizata pe platforma magurele in cinstea celei de-a xxx-a aniversari a eliberarii patriei si congresului al xi-lea al partidului comunist roman, 26-28 septembrie 1974</subfield><subfield code="b">Program si rezumate</subfield></datafield><datafield ind1=" " ind2=" " tag="260"><subfield code="a">Bucuresti</subfield><subfield code="b">Csen</subfield><subfield code="c">1974</subfield></datafield><datafield ind1=" " ind2=" " tag="300"><subfield code="a">286P</subfield></datafield><datafield ind1=" " ind2=" " tag="852"><subfield code="a">43498</subfield><subfield code="c">539</subfield></datafield><datafield ind1=" " ind2=" " tag="CAT"><subfield code="a">Sys</subfield><subfield code="c">20111011</subfield><subfield code="h">110210</subfield></datafield></record></collection>